% This file was created with JabRef 2.10b2.
% Encoding: UTF-8


@Unpublished{AriasCastro13,
  Title                    = {Community Detection in Random Networks},
  Author                   = {Ery Arias-Castro and Nicolas Verzelen},
  Note                     = {Preprint: arXiv.org:1302.7099},
  Year                     = {2013},

}

@inproceedings{bader2014graph,
  title={The Graph BLAS effort and its implications for Exascale},
  author={Bader, David and Bulu{\c{c}}, Ayd{\i}n and Gilbert, John and Gonzalez, Joseph and Kepner, Jeremy and Mattson, Timothy},
  booktitle={SIAM Workshop on Exascale Applied Mathematics Challenges and Opportunities (EX14)},
  year={2014}
}

@article{bader2006designing,
  title={Designing scalable synthetic compact applications for benchmarking high productivity computing systems},
  author={Bader, D and Madduri, Kamesh and Gilbert, J and Shah, Viral and Kepner, Jeremy and Meuse, Theresa and Krishnamurthy, Ashok},
  journal={Cyberinfrastructure Technology Watch},
  volume={2},
  pages={1--10},
  year={2006}
}

@Article{choovisual,
  Title                    = {Visual Analytics for Interactive Exploration of Large-scale Document Data via Nonnegative Matrix Factorization},
  Author                   = {Choo, Jaegul and Drake, Barry L and Park, Haesun},

}

@Unpublished{Coppersmith12,
  Title                    = {Vertex Nomination via Content and Context},
  Author                   = {Glen A. Coppersmith and Carey E. Priebe},
  Note                     = {Preprint: arXiv.org:1201.4118v1},
  Year                     = {2012},

}

@Article{fortunato2010community,
  Title                    = {Community detection in graphs},
  Author                   = {Fortunato, Santo},
  Journal                  = {Physics Reports},
  Year                     = {2010},
  Number                   = {3},
  Pages                    = {75--174},
  Volume                   = {486},

  Publisher                = {Elsevier}
}

@Article{gadepally2014big,
  Title                    = {Big Data Dimensional Analysis},
  Author                   = {Gadepally, Vijay and Kepner, Jeremy},
  Journal                  = {High Performance Extreme Computing (HPEC)},
  Year                     = {2014},
Organization             = {IEEE}, 

}


@InProceedings{kepner2013d4m,
  Title                    = {{D4M} 2.0 schema: A general purpose high performance schema for the Accumulo database},
  Author                   = {Kepner, Jeremy and Anderson, Christian and Arcand, William and Bestor, David and Bergeron, Bill and Byun, Chansup and Hubbell, Matthew and Michaleas, Peter and Mullen, Julie and O'Gwynn, David and others},
  Booktitle                = {High Performance Extreme Computing (HPEC)},
  Year                     = {2013},
  Organization             = {IEEE}, 

} %  Pages                    = {1--6},

@InProceedings{kepner2012dynamic,
  Title                    = {Dynamic distributed dimensional data model ({D4M}) database and computation system},
  Author                   = {Kepner, Jeremy and Arcand, William and Bergeron, William and Bliss, Nadya and Bond, Robert and Byun, Chansup and Condon, Gary and Gregson, Kenneth and Hubbell, Matthew and Kurz, Jonathan and others},
  Booktitle                = {International Conference on Acoustics, Speech and Signal Processing (ICASSP)},
  Year                     = {2012},
  Organization             = {IEEE},
  Pages                    = {5349--5352},

}

@Article{kepner2014achieving,
  Title                    = {Achieving 100,000,000 database inserts per second using Accumulo and {D4M}},
  Author                   = {Kepner, Jeremy and Arcand, William and Bestor, David and Bergeron, Bill and Byun, Chansup and Gadepally, Vijay and Hubbell, Matthew and Michaleas, Peter and Mullen, Julie and Prout, Andrew and others},
  Journal                  = {High Performance Extreme Computing (HPEC)},
  Year                     = {2014},
  Organization             = {IEEE},
}

@article{kepner2015associative,
  title={Associative arrays: Unified mathematics for spreadsheets, databases, matrices, and graphs},
  author={Kepner, Jeremy and Chaidez, Julian and Gadepally, Vijay and Jansen, Hayden},
  Journal                  = {New England Database Day (NEDB)},
  year={2015}
}



@InProceedings{gadepally2015gabb,
  Title                    = {Graphulo: Linear Algebra Graph Kernels for {NoSQL} Databases},
  Author                   = {Gadepally, Vijay and Bolewski, Jake and Hook, Dan and Hutchison, Dylan and Miller, Ben and Kepner, Jeremy},
  Booktitle                = {International Parallel \& Distributed Processing Symposium Workshops (IPDPSW)},
  Year                     = {2015},
  Organization             = {IEEE},

}



@Book{kepner2011graph,
  Title                    = {Graph algorithms in the language of linear algebra},
  Author                   = {Kepner, Jeremy and Gilbert, John},
  Publisher                = {SIAM},
  Year                     = {2011},  
} %  Volume                   = {22},

@Article{laney20013d,
  Title                    = {3D data management: Controlling data volume, velocity and variety},
  Author                   = {Laney, Doug},
  Journal                  = {META Group Research Note},
  Year                     = {2001},
  Volume                   = {6},

}

@Article{LinkPrediction07,
  Title                    = {The link-prediction problem for social networks},
  Author                   = {David Liben-Nowell and Jon Kleinberg},
  Journal                  = {J. Amer. Soc. Inform. Sci. and Technology},
  Year                     = {2007},

  Month                    = {May},
  Number                   = {7},
  Pages                    = {1019--1031},
  Volume                   = {58},

}

@InProceedings{NadakuditiPlantedClique,
  Title                    = {On Hard Limits of Eigen-Analysis Based Planted Clique Detection},
  Author                   = {Raj Rao Nadakuditi},
  Booktitle                = {Proc. IEEE Statistical Signal Process. Workshop},
  Year                     = {2012},
  Pages                    = {129--132},

}

@InProceedings{schafer1999recommender,
  Title                    = {Recommender systems in e-commerce},
  Author                   = {Schafer, J Ben and Konstan, Joseph and Riedl, John},
  Booktitle                = {Proceedings of the 1st ACM conference on Electronic commerce},
  Year                     = {1999},
  Organization             = {ACM},
  Pages                    = {158--166},

}

@Electronic{ACCUMULO-261,
  Title                    = {Scanner should support batch size specified in bytes},
  Author                   = {John Vines},
  Url                      = {https://issues.apache.org/jira/browse/ACCUMULO-261},
  Year                     = {2012}
}

@Article{wang2011community,
  Title                    = {Community discovery using nonnegative matrix factorization},
  Author                   = {Wang, Fei and Li, Tao and Wang, Xin and Zhu, Shenghuo and Ding, Chris},
  Journal                  = {Data Mining and Knowledge Discovery},
  Year                     = {2011},
  Number                   = {3},
  Pages                    = {493--521},
  Volume                   = {22},

  Publisher                = {Springer}
}



@inproceedings{sen2013benchmarking,
  title={Benchmarking apache accumulo bigdata distributed table store using its continuous test suite},
  author={Sen, Ranjan and Farris, Andrew and Guerra, Peter},
  booktitle={International Congress on Big Data},
  pages={334--341},
  year={2013},
  organization={IEEE}
}

@article{sigelman2010dapper,
  title={Dapper, a large-scale distributed systems tracing infrastructure},
  author={Sigelman, Benjamin H and Barroso, Luiz Andre and Burrows, Mike and Stephenson, Pat and Plakal, Manoj and Beaver, Donald and Jaspan, Saul and Shanbhag, Chandan},
  journal={Google research},
  year={2010}
}

@article{dean2008mapreduce,
  title={MapReduce: simplified data processing on large clusters},
  author={Dean, Jeffrey and Ghemawat, Sanjay},
  journal={Communications of the ACM},
  volume={51},
  number={1},
  pages={107--113},
  year={2008},
  publisher={ACM}
}

@article{cohen2009mad,
  title={MAD skills: new analysis practices for big data},
  author={Cohen, Jeffrey and Dolan, Brian and Dunlap, Mark and Hellerstein, Joseph M and Welton, Caleb},
  journal={Proceedings of the VLDB Endowment},
  volume={2},
  number={2},
  pages={1481--1492},
  year={2009},
  publisher={VLDB Endowment}
}

@inproceedings{vavilapalli2013apache,
  title={Apache hadoop {YARN}: Yet another resource negotiator},
  author={Vavilapalli, Vinod Kumar and Murthy, Arun C and Douglas, Chris and Agarwal, Sharad and Konar, Mahadev and Evans, Robert and Graves, Thomas and Lowe, Jason and Shah, Hitesh and Seth, Siddharth and others},
  booktitle={Proceedings of the 4th annual Symposium on Cloud Computing},
  year={2013},
  organization={ACM}
} %  pages={5},

@article{bulucc2010highly,
  title={Highly parallel sparse matrix-matrix multiplication},
  author={Bulu{\c{c}}, Ayd{\i}n and Gilbert, John R},
  year={2010},
  publisher={Citeseer}
}

@article{buluc2012parallel,
  title={Parallel sparse matrix-matrix multiplication and indexing: Implementation and experiments},
  author={Bulu{\c{c}}, Ayd{\i}n and Gilbert, John R},
  journal={SIAM Journal on Scientific Computing},
  volume={34},
  number={4},
  pages={C170--C191},
  year={2012},
  publisher={SIAM}
}

@inproceedings{sawyer2013understanding,
  title={Understanding query performance in Accumulo},
  author={Sawyer, Scott M and O'Gwynn, B David and Tran, An and Yu, Tamara},
  booktitle={High Performance Extreme Computing (HPEC)},
  year={2013},
  organization={IEEE}
} %  pages={1--6}, 


@inproceedings{mattson2014standards,
  title={Standards for graph algorithm primitives},
  author={Mattson, Tim and Bader, David and Berry, Jon and Buluc, Aydin and Dongarra, Jack and Faloutsos, Christos and Feo, John and Gilbert, John and Gonzalez, Joseph and Hendrickson, Bruce and others},
  booktitle={High Performance Extreme Computing (HPEC)},
  year={2013},
  organization={IEEE}
}


@article{grolinger2013data,
  title={Data management in cloud environments: {NoSQL} and {NewSQL} data stores},
  author={Grolinger, Katarina and Higashino, Wilson A and Tiwari, Abhinav and Capretz, Miriam AM},
  journal={Journal of Cloud Computing: Advances, Systems and Applications},
  volume={2},
  number={1},
  pages={22},
  year={2013},
  publisher={Springer}
}

@article{kruskal1989techniques,
  title={Techniques for parallel manipulation of sparse matrices},
  author={Kruskal, Clyde P and Rudolph, Larry and Snir, Marc},
  journal={Theoretical Computer Science},
  volume={64},
  number={2},
  pages={135--157},
  year={1989},
  publisher={Elsevier}
}

@Article{burkhardt2014asking,
  Title                    = {Asking hard graph questions},
  Author                   = {Burkhardt, Paul},
  Journal                  = {US National Security Agency Technical report NSA-RD-2014-050001v1},
  Year                     = {2014},
}

@Article{burkhardt2013big,
  Title                    = {An {NSA} big graph experiment},
  Author                   = {Burkhardt, Paul and Waring, Chris},
  Journal                  = {US National Security Agency Technical report NSA-RD-2013-056001v1},
  Year                     = {2013},
}

@InProceedings{Reuther09cloudcomputing,
  Title                    = {Cloud Computing – Where {ISR} Data Will Go for Exploitation},
  Author                   = {Albert Reuther and Jeremy Kepner and Peter Michaleas and William Smith},
  Booktitle                = {High Performance Extreme Computing (HPEC)},
  Year                     = {2009},
  Organization             = {IEEE}
}

@inproceedings{bulucc2013high,
  title={High-productivity and high-performance analysis of filtered semantic graphs},
  author={Bulu{\c{c}}, Ayd{\i}n and Duriakova, Erika and Fox, Armando and Gilbert, John R and Kamil, Shoaib and Lugowski, Adam and Oliker, Leonid and Williams, Samuel},
  booktitle={International Parallel \& Distributed Processing Symposium (IPDPS)},
  pages={237--248},
  year={2013},
  organization={IEEE}
}

@article{catanzaro2009sejits,
  title={{SEJITS}: Getting productivity and performance with selective embedded JIT specialization},
  author={Catanzaro, Bryan and Kamil, Shoaib and Lee, Yunsup and Asanovic, Krste and Demmel, James and Keutzer, Kurt and Shalf, John and Yelick, Kathy and Fox, Armando},
  journal={Programming Models for Emerging Architectures},
  volume={1},
  number={1},
  pages={1--9},
  year={2009}
}

@article{bulucc2011combinatorial,
  title={The Combinatorial {BLAS}: Design, implementation, and applications},
  author={Bulu{\c{c}}, Ayd{\i}n and Gilbert, John R},
  journal={International Journal of High Performance Computing Applications},
  pages={496--509},
  year={2011},
  publisher={SAGE Publications}
}

@article{li2015uda,
  title={{UDA-GIST}: an in-database framework to unify data-parallel and state-parallel analytics},
  author={Li, Kun and Wang, Daisy Zhe and Dobra, Alin and Dudley, Christopher},
  journal={Proceedings of the VLDB Endowment},
  volume={8},
  number={5},
  pages={557--568},
  year={2015},
  publisher={VLDB Endowment}
}


@inproceedings{cohen2006user,
  title={User-defined aggregate functions: bridging theory and practice},
  author={Cohen, Sara},
  booktitle={International Conference on Management of Data (SIGMOD)},
  pages={49--60},
  year={2006},
  organization={ACM}
}

@article{rusu2012glade,
  title={GLADE: a scalable framework for efficient analytics},
  author={Rusu, Florin and Dobra, Alin},
  journal={ACM SIGOPS Operating Systems Review},
  volume={46},
  number={1},
  year={2012},
  publisher={ACM}
}
// pages={12--18},

@InProceedings{hutchison2015graphulo,
  author = {Hutchison, Dylan and Kepner, Jeremy and Gadepally, Vijay and Fuchs, Adam},
  title = {Graphulo Implementation of Server-Side Sparse Matrix Multiply in the {Accumulo} Database},
Booktitle                = {High Performance Extreme Computing (HPEC)},
  year = {2015},
Organization             = {IEEE}
}

@article{LinkPrediction07,
	Author = {David Liben-Nowell and Jon Kleinberg},
	Date-Added = {2014-12-22 14:56:31 +0000},
	Date-Modified = {2014-12-22 14:56:31 +0000},
	Journal = {J. Amer. Soc. Inform. Sci. and Technology},
	Month = {May},
	Number = {7},
	Pages = {1019--1031},
	Title = {The link-prediction problem for social networks},
	Volume = {58},
	Year = {2007}}
	
@article{liben2007link,
  title={The link-prediction problem for social networks},
  author={Liben-Nowell, David and Kleinberg, Jon},
  journal={Journal of the American society for information science and technology},
  volume={58},
  number={7},
  pages={1019--1031},
  year={2007},
  publisher={Wiley Online Library}
}

@article{duggan2015bigdawg,
  title={The BigDAWG Polystore System},
  author={Duggan, Jennie and Elmore, Aaron J and Stonebraker, Michael and Balazinska, Magda and Howe, Bill and Kepner, Jeremy and Madden, Sam and Maier, David and Mattson, Tim and Zdonik, Stan},
  journal={SIGMOD Record},
  volume={44},
  number={2},
  pages={11--16},
  year={2015},
  publisher={ACM}
}

@article{agrawal2016road,
  title={Road to Freedom in Big Data Analytics},
  author={Agrawal, Divy and Kaoudi, Sanjay Chawla Ahmed Elmagarmid Zoi and Ouzzani, Mourad and Quian{\'e}-Ruiz, Paolo Papotti Jorge-Arnulfo and Zaki, Nan Tang Mohammed J},
  booktitle={EDBT},
  pages={479--484},
  year={2016}
}
	
@inproceedings{gog2015musketeer,
  title={Musketeer: all for one, one for all in data processing systems},
  author={Gog, Ionel and Schwarzkopf, Malte and Crooks, Natacha and Grosvenor, Matthew P and Clement, Allen and Hand, Steven},
  booktitle={Proceedings of the Tenth European Conference on Computer Systems},
  year={2015},
  organization={ACM}
}

@inproceedings{wolf2015task,
  title={A task-based linear algebra Building Blocks approach for scalable graph analytics},
  author={Wolf, Michael M and Berry, Jonathan W and Stark, Dylan T},
  booktitle={High Performance Extreme Computing (HPEC)},
  year={2015},
  organization={IEEE}
}

@article{wang2012truss,
  title={Truss decomposition in massive networks},
  author={Wang, Jia and Cheng, James},
  journal={Proceedings of the VLDB Endowment},
  volume={5},
  number={9},
  pages={812--823},
  year={2012},
  publisher={VLDB Endowment}
}

@article{ghosh1986statistical,
  title={Statistical relational tables for statistical database management},
  author={Ghosh, Sakti P},
  journal={IEEE Transactions on Software Engineering},
  number={12},
  pages={1106--1116},
  year={1986},
  publisher={IEEE}
}
// 

@article{stonebraker2005goes,
  title={What goes around comes around},
  author={Stonebraker, Michael and Hellerstein, Joey},
  journal={Readings in Database Systems},
  volume={4},
  year={2005},
  publisher={M. Stonebraker, and JM Hellerstein}
}

@article{codd1970relational,
  title={A relational model of data for large shared data banks},
  author={Codd, Edgar F},
  journal={Communications of the ACM},
  volume={13},
  number={6},
  pages={377--387},
  year={1970},
  publisher={ACM}
}

@article{cheung2013optimizing,
  title={Optimizing database-backed applications with query synthesis},
  author={Cheung, Alvin and Solar-Lezama, Armando and Madden, Samuel},
  journal={ACM SIGPLAN Notices},
  volume={48},
  number={6},
  pages={3--14},
  year={2013},
  publisher={ACM}
}

@article{chang2008bigtable,
  title={Bigtable: A distributed storage system for structured data},
  author={Chang, Fay and Dean, Jeffrey and Ghemawat, Sanjay and Hsieh, Wilson C and Wallach, Deborah A and Burrows, Mike and Chandra, Tushar and Fikes, Andrew and Gruber, Robert E},
  journal={ACM Transactions on Computer Systems (TOCS)},
  volume={26},
  number={2},
  pages={4},
  year={2008},
  publisher={ACM}
}

@article{kepner2015graphs,
  title={Graphs, Matrices, and the GraphBLAS: Seven Good Reasons},
  author={Kepner, Jeremy and Bader, David and Bulu{\c{c}}, Ayd{\i}n and Gilbert, John and Mattson, Timothy and Meyerhenke, Henning},
  journal={Procedia Computer Science},
  volume={51},
  pages={2453--2462},
  year={2015},
  publisher={Elsevier}
}

@inproceedings{stonebraker2005one,
  title={One size fits all: an idea whose time has come and gone},
  author={Stonebraker, Michael and {\c{C}}etintemel, U{\u{g}}ur},
  booktitle={International Conference on Data Engineering (ICDE)},
  pages={2--11},
  year={2005},
  organization={IEEE}
}

@inproceedings{haynes2016pipegen,
  title={PipeGen: Data Pipe Generator for Hybrid Analytics},
  author={Haynes, Brandon and Cheung, Alvin and Balazinska, Magdalena},
  booktitle={Proceedings of the Seventh Symposium on Cloud Computing},
  year={2016},
  organization={ACM}
}

@article{boykin2014summingbird,
  title={Summingbird: A framework for integrating batch and online mapreduce computations},
  author={Boykin, Oscar and Ritchie, Sam and O'Connell, Ian and Lin, Jimmy},
  journal={Proceedings of the VLDB Endowment},
  volume={7},
  number={13},
  pages={1441--1451},
  year={2014},
  publisher={VLDB Endowment}
}

@article{dongarra1990set,
  title={A set of level 3 basic linear algebra subprograms},
  author={Dongarra, Jack J and Du Croz, Jeremy and Hammarling, Sven and Duff, Iain S},
  journal={ACM Transactions on Mathematical Software (TOMS)},
  volume={16},
  number={1},
  pages={1--17},
  year={1990},
  publisher={ACM}
}

@inproceedings{burkhardt2015cloud,
  title={A Cloud-based approach to Big Graphs},
  author={Burkhardt, Paul and Waring, Christopher A},
  booktitle={High Performance Extreme Computing (HPEC)},
  year={2015},
  organization={IEEE}
}

@misc{MTJ,
  title = {Matrix Toolkits Java},
  howpublished = {\url{https://github.com/fommil/matrix-toolkits-java}}
} %note = {Accessed: 2016-05-20}

@inproceedings{arndt2009towards,
  title={Towards a next-generation matrix library for Java},
  author={Arndt, Holger and Bundschus, Markus and Naegele, Andreas},
  booktitle={International Computer Software and Applications Conference (COMPSAC)},
  volume={1},
  pages={460--467},
  year={2009},
  organization={IEEE}
}

@inproceedings{gadepally2015using,
  title={Using a Power Law distribution to describe big data},
  author={Gadepally, Vijay and Kepner, Jeremy},
  booktitle={High Performance Extreme Computing (HPEC)},
  year={2015},
  organization={IEEE}
}

@article{sundaram2015graphmat,
  title={Graph{M}at: {H}igh performance graph analytics made productive},
  author={Sundaram, Narayanan and Satish, Nadathur and Patwary, Md Mostofa Ali and Dulloor, Subramanya R and Anderson, Michael J and Vadlamudi, Satya Gautam and Das, Dipankar and Dubey, Pradeep},
  journal={Proceedings of the VLDB Endowment},
  volume={8},
  number={11},
  pages={1214--1225},
  year={2015},
  publisher={VLDB Endowment}
}

@inproceedings{anderson2016graphpad,
  title={Graph{P}ad: {O}ptimized Graph Primitives for Parallel and Distributed Platforms},
  author={Anderson, Michael J and Sundaram, Narayanan and Satish, Nadathur and Patwary, Mostofa and Willke, Theodore L and Dubey, Pradeep},
  booktitle={International Parallel \& Distributed Processing Symposium (IPDPS)},
  year={2016},
  organization={IEEE}
}

@inproceedings{selinger1979access,
  title={Access path selection in a relational database management system},
  author={Selinger, P Griffiths and Astrahan, Morton M and Chamberlin, Donald D and Lorie, Raymond A and Price, Thomas G},
  booktitle={Proceedings of the 1979 ACM SIGMOD international conference on Management of data},
  pages={23--34},
  year={1979},
  organization={ACM}
}

@inproceedings{koanantakool2016communication,
  title={Communication-avoiding parallel sparse-dense matrix-matrix multiplication},
  author={Koanantakool, Penporn and Azad, Ariful and Bulu{\c{c}}, Aydin and Morozov, Dmitriy and Oh, Sang-Yun and Oliker, Leonid and Yelick, Katherine},
  booktitle={Parallel and Distributed Processing Symposium, 2016 IEEE International},
  pages={842--853},
  year={2016},
  organization={IEEE}
}

@inproceedings{zhai2011cloud,
  title={Cloud versus in-house cluster: evaluating Amazon cluster compute instances for running MPI applications},
  author={Zhai, Yan and Liu, Mingliang and Zhai, Jidong and Ma, Xiaosong and Chen, Wenguang},
  booktitle={State of the Practice Reports},
  pages={11},
  year={2011},
  organization={ACM}
}

@inproceedings{hutchison2017laradb,
  author    = {Hutchison, Dylan and Howe, Bill and Suciu, Dan},
  title     = {Lara{DB}: A Minimalist Kernel for Linear and Relational Algebra Computation},
  booktitle =  {SIGMOD Workshop on Algorithms and Systems for MapReduce and Beyond (BeyondMR)},
  year      = {2017},
  Organization             = {ACM},
  doi = {10.1145/3070607.3070608}
}

@article{boehm2014systemml,
  title={{SystemML}'s Optimizer: Plan Generation for Large-Scale Machine Learning Programs.},
  author={Boehm, Matthias and Burdick, Douglas R and Evfimievski, Alexandre V and Reinwald, Berthold and Reiss, Frederick R and Sen, Prithviraj and Tatikonda, Shirish and Tian, Yuanyuan},
  journal={IEEE Data Eng. Bull.},
  volume={37},
  number={3},
  pages={52--62},
  year={2014}
}

@inproceedings{chu2015theory,
  title={From theory to practice: Efficient join query evaluation in a parallel database system},
  author={Chu, Shumo and Balazinska, Magdalena and Suciu, Dan},
  booktitle={Proceedings of the 2015 ACM SIGMOD International Conference on Management of Data},
  pages={63--78},
  year={2015},
  organization={ACM}
}

@inproceedings{buluc2008challenges,
  title={Challenges and advances in parallel sparse matrix-matrix multiplication},
  author={Bulu{\c{c}}, Ayd{\i}n and Gilbert, John R},
  booktitle={Parallel Processing, 2008. ICPP'08. 37th International Conference on},
  pages={503--510},
  year={2008},
  organization={IEEE}
}

@inproceedings{beame2014skew,
  title={Skew in parallel query processing},
  author={Beame, Paul and Koutris, Paraschos and Suciu, Dan},
  booktitle={Proceedings of the 33rd ACM SIGMOD-SIGACT-SIGART symposium on Principles of database systems},
  pages={212--223},
  year={2014},
  organization={ACM}
}

@article{ballard2016hypergraph,
  title={Hypergraph partitioning for sparse matrix-matrix multiplication},
  author={Ballard, Grey and Druinsky, Alex and Knight, Nicholas and Schwartz, Oded},
  journal={ACM Transactions on Parallel Computing (TOPC)},
  volume={3},
  number={3},
  pages={18},
  year={2016},
  publisher={ACM}
}

@article{cohen2009graph,
  title={Graph twiddling in a mapreduce world},
  author={Cohen, Jonathan},
  journal={Computing in Science \& Engineering},
  volume={11},
  number={4},
  pages={29--41},
  year={2009},
  publisher={IEEE}
}

@InProceedings{weale2016benchmarkinggraphulo,
  author = {Weale, Timothy and Gadepally, Vijay and Hutchison, Dylan and Kepner, Jeremy},
  title = {Benchmarking the {G}raphulo Processing Framework},
Booktitle                = {High Performance Extreme Computing (HPEC)},
  year = {2016},
Organization             = {IEEE},
doi = {10.1109/HPEC.2016.7761640},
}

@InProceedings{hutchison2016graphuloalg,
  author = {Hutchison, Dylan and Kepner, Jeremy and Gadepally, Vijay and Howe, Bill},
  title = {From {NoSQL} {A}ccumulo to {NewSQL} {G}raphulo: Design and Utility of Graph Algorithms inside a {BigTable} Database},
Booktitle                = {High Performance Extreme Computing (HPEC)},
  year = {2016},
Organization             = {IEEE},
doi = {10.1109/HPEC.2016.7761577},
}

@inproceedings{leskovec2005realistic,
  title={Realistic, mathematically tractable graph generation and evolution, using kronecker multiplication},
  author={Leskovec, Jure and Chakrabarti, Deepayan and Kleinberg, Jon and Faloutsos, Christos},
  booktitle={PKDD},
  volume={5},
  pages={133--145},
  year={2005},
  organization={Springer}
}

@article{pavan2013counting,
  title={Counting and sampling triangles from a graph stream},
  author={Pavan, Aduri and Tangwongsan, Kanat and Tirthapura, Srikanta and Wu, Kun-Lung},
  journal={Proceedings of the VLDB Endowment},
  volume={6},
  number={14},
  pages={1870--1881},
  year={2013},
  publisher={VLDB Endowment}
}

@article{azad2016exploiting,
	title={Exploiting multiple levels of parallelism in sparse matrix-matrix multiplication},
	author={Azad, Ariful and Ballard, Grey and Bulu{\c{c}}, Aydin and Demmel, James and Grigori, Laura and Schwartz, Oded and Toledo, Sivan and Williams, Samuel},
	journal={SIAM Journal on Scientific Computing},
	volume={38},
	number={6},
	pages={C624--C651},
	year={2016},
	publisher={SIAM}
}

@inproceedings{agrawal2016rheem,
	title={Rheem: Enabling multi-platform task execution},
	author={Agrawal, Divy and Ba, Lamine and Berti-Equille, Laure and Chawla, Sanjay and Elmagarmid, Ahmed and Hammady, Hossam and Idris, Yasser and Kaoudi, Zoi and Khayyat, Zuhair and Kruse, Sebastian and others},
	booktitle={Proceedings of the 2016 International Conference on Management of Data},
	pages={2069--2072},
	year={2016},
	organization={ACM}
}

@inproceedings{wang2016myriaOverview,
	title={The {Myria} Big Data Management and Analytics System and Cloud Service},
	author={Jingjing Wang and Tobin Baker and Magdalena Balazinska and Daniel Halperin and Brandon Haynes and Bill Howe and Dylan Hutchison and Shrainik Jain and Ryan Maas and Parmita Mehta and Dominik Moritz and Brandon Myers and Jennifer Ortiz and Dan Suciu and Andrew Whitaker and Shengliang Xu},
	booktitle={Conference on Innovative Data Systems Research (CIDR)},
	year={2017},
	url={https://homes.cs.washington.edu/~magda/papers/wang-cidr17.pdf},
	addendum={Slides: \small\url{http://cidrdb.org/cidr2017/slides/p37-wang-cidr17-slides.pdf}}
}

@inproceedings{gadepally2016bigdawg,
	title={The BigDAWG polystore system and architecture},
	author={Gadepally, Vijay and Chen, Peinan and Duggan, Jennie and Elmore, Aaron and Haynes, Brandon and Kepner, Jeremy and Madden, Samuel and Mattson, Tim and Stonebraker, Michael},
	booktitle={High Performance Extreme Computing (HPEC)},
	pages={1--6},
	year={2016},
	organization={IEEE}
}

@inproceedings{dziedzic2016data,
	title={Data transformation and migration in polystores},
	author={Dziedzic, Adam and Elmore, Aaron J and Stonebraker, Michael},
	booktitle={High Performance Extreme Computing (HPEC)},
	pages={1--6},
	year={2016},
	organization={IEEE}
}

@inproceedings{shun2015multicore,
	title={Multicore triangle computations without tuning},
	author={Shun, Julian and Tangwongsan, Kanat},
	booktitle={International Conference on Data Engineering (ICDE)},
	pages={149--160},
	year={2015},
	organization={IEEE}
}

@inproceedings{gadepally2017static,
	title={Static Graph Challenge: Subgraph Isomorphism},
	author={Vijay Gadepally and Michael Hurley and Michael Jones and Edward Kao and Sanjeev Mohindra and Paul Monticciolo and Albert Reuther and Steven Smith and William Song and Diane Staheli and Jeremy Kepner},
	booktitle={High Performance Extreme Computing (HPEC)},
	pages={1--6},
	year={2017},
	organization={IEEE}
}


@article{KjolstadKCLA17,
  author    = {Fredrik Kjolstad and
               Shoaib Kamil and
               Stephen Chou and
               David Lugato and
               Saman P. Amarasinghe},
  title     = {{The Tensor Algebra Compiler}},
  journal   = {{PACMPL}},
  volume    = {1},
  number    = {{OOPSLA}},
  year      = {2017},
}

@inproceedings{CrottyGDKCZ15,
  author    = {Andrew Crotty and
               Alex Galakatos and
               Kayhan Dursun and
               Tim Kraska and
               Ugur {\c{C}}etintemel and
               Stanley B. Zdonik},
  title     = {{Tupleware: "Big" Data, Big Analytics, Small Clusters}},
  booktitle = {{CIDR}},
  year      = {2015},
}


@inproceedings{FerdmanAKVAJKPAF12,
  author    = {Michael Ferdman and
               Almutaz Adileh and
               Yusuf Onur Ko{\c{c}}berber and
               Stavros Volos and
               Mohammad Alisafaee and
               Djordje Jevdjic and
               Cansu Kaynak and
               Adrian Daniel Popescu and
               Anastasia Ailamaki and
               Babak Falsafi},
  title     = {{Clearing the Clouds: A Study of Emerging Scale-out Workloads on Modern
               Hardware}},
  booktitle = {{ASPLOS}},
  year      = {2012},
}


@inproceedings{KellerCLJL10,
  author    = {Gabriele Keller and
               Manuel M. T. Chakravarty and
               Roman Leshchinskiy and
               Simon L. Peyton Jones and
               Ben Lippmeier},
  title     = {{Regular, Shape-polymorphic, Parallel Arrays in Haskell}},
  booktitle = {{ICFP}},
  year      = {2010},
}


@book{Cole91,
  author    = {Murray Cole},
  title     = {{Algorithmic Skeletons: Structured Management of
               Parallel Computation}},
  publisher = {MIT Press},
  year      = {1991},
}

@article{LimHB12,
  author    = {Harold Lim and
               Herodotos Herodotou and
               Shivnath Babu},
  title     = {{Stubby: A Transformation-based Optimizer for MapReduce Workflows}},
  journal   = {{PVLDB}},
  volume    = {5},
  number    = {11},
  year      = {2012},
}

@misc{stream,
    author = {John D. McCalpin},
    title = {{STREAM: Sustainable Memory Bandwidth in High Performance Computers}},
    note = {cs.virginia.edu/stream/}
}


@article{DeshpandeIR07,
  author    = {Amol Deshpande and
               Zachary G. Ives and
               Vijayshankar Raman},
  title     = {{Adaptive Query Processing}},
  journal   = {{Foundations and Trends in Databases}},
  volume    = {1},
  number    = {1},
  year      = {2007},
}

@article{CandeaPV09,
  author    = {George Candea and
               Neoklis Polyzotis and
               Radek Vingralek},
  title     = {{A Scalable, Predictable Join Operator for Highly Concurrent Data Warehouses}},
  journal   = {{PVLDB}},
  volume    = {2},
  number    = {1},
  year      = {2009},
}

@inproceedings{ArumugamDJPP10,
  author    = {Subi Arumugam and
               Alin Dobra and
               Christopher M. Jermaine and
               Niketan Pansare and
               Luis Leopoldo Perez},
  title     = {{The DataPath System: A Data-Centric Analytic Processing Engine for Large Data Warehouses}},
  booktitle = {{SIGMOD}},
  year      = {2010},
}


@article{GiannikisMAK14,
  author    = {Georgios Giannikis and
               Darko Makreshanski and
               Gustavo Alonso and
               Donald Kossmann},
  title     = {{Shared Workload Optimization}},
  journal   = {{PVLDB}},
  volume    = {7},
  number    = {6},
  year      = {2014},
}

@misc{netflix,
    author = {Kaggle},
    title = {{Netflix Prize Data}},
    note = {kaggle.com/netflix-inc/netflix-prize-data}
}

@misc{amazon,
    author = {Julian McAuley},
    title = {{Amazon Product Data - Books}},
    note = {jmcauley.ucsd.edu/data/amazon/}
}

@inproceedings{HeM16,
  author    = {Ruining He and
               Julian McAuley},
  title     = {{Ups and Downs: Modeling the Visual Evolution of Fashion Trends with
               One-Class Collaborative Filtering}},
  booktitle = {{WWW}},
  year      = {2016},
}

@misc{tensorrt,
    author = {NVIDIA},
    title = {{TensorRT - Programmable Inference Accelerator}},
    note = {developer.nvidia.com/tensorrt}
}

@article{abs-1709-06416,
  author    = {Shoumik Palkar and
               James J. Thomas and
               Deepak Narayanan and
               Anil Shanbhag and
               Rahul Palamuttam and
               Holger Pirk and
               Malte Schwarzkopf and
               Saman P. Amarasinghe and
               Samuel Madden and
               Matei Zaharia},
  title     = {{Weld: Rethinking the Interface Between Data-Intensive Applications}},
  journal   = {CoRR},
  year      = {2017},
}



@article{Menon17,
  author    = {Prashanth Menon and
               Todd C. Mowry and
               Andrew Pavlo},
  title     = {{Relaxed Operator Fusion for In-Memory Databases: Making Compilation, Vectorization, and Prefetching Work Together At Last}},
  journal   = {{PVLDB}},
  volume    = {11},
  number    = {1},
  year      = {2017},
}



@inproceedings{Kathuria017,
  author    = {Tarun Kathuria and
               S. Sudarshan},
  title     = {{Efficient and Provable Multi-Query Optimization}},
  booktitle = {{PODS}},
  year      = {2017},
}


@inproceedings{YuTAMAO17,
  author    = {Yongyang Yu and
               MingJie Tang and
               Walid G. Aref and
               Qutaibah M. Malluhi and
               Mostafa M. Abbas and
               Mourad Ouzzani},
  title     = {{In-Memory Distributed Matrix Computation Processing and Optimization}},
  booktitle = {{ICDE}},
  year      = {2017},
}


@inproceedings{SilvaLZ12,
  author    = {Yasin N. Silva and
               Per{-}{\AA}ke Larson and
               Jingren Zhou},
  title     = {{Exploiting Common Subexpressions for Cloud Query Processing}},
  booktitle = {{ICDE}},
  year      = {2012},
}

@inproceedings{SteinbrunnPMK95,
  author    = {Michael Steinbrunn and
               Klaus Peithner and
               Guido Moerkotte and
               Alfons Kemper},
  title     = {{Bypassing Joins in Disjunctive Queries}},
  booktitle = {{VLDB}},
  year      = {1995},
}

@inproceedings{IvesT08,
  author    = {Zachary G. Ives and
               Nicholas E. Taylor},
  title     = {{Sideways Information Passing for Push-Style Query Processing}},
  booktitle = {{ICDE}},
  year      = {2008},
}

@inproceedings{BancilhonMSU86,
  author    = {Fran{\c{c}}ois Bancilhon and
               David Maier and
               Yehoshua Sagiv and
               Jeffrey D. Ullman},
  title     = {{Magic Sets and Other Strange Ways to Implement Logic Programs}},
  booktitle = {PODS},
  year      = {1986},
}

@article{BernsteinC81,
  author    = {Philip A. Bernstein and
               Dah{-}Ming W. Chiu},
  title     = {{Using Semi-Joins to Solve Relational Queries}},
  journal   = {J. {ACM}},
  volume    = {28},
  number    = {1},
  year      = {1981},
}

@inproceedings{ZhouLFL07,
  author    = {Jingren Zhou and
               Per{-}{\AA}ke Larson and
               Johann Christoph Freytag and
               Wolfgang Lehner},
  title     = {{Efficient Exploitation of Similar Subexpressions for Query Processing}},
  booktitle = {{SIGMOD}},
  year      = {2007},
}

@inproceedings{NeumannW09,
  author    = {Thomas Neumann and
               Gerhard Weikum},
  title     = {{Scalable Join Processing on Very Large RDF Graphs}},
  booktitle = {{SIGMOD}},
  year      = {2009},
}

@article{NeumannM09,
  author    = {Thomas Neumann and
               Guido Moerkotte},
  title     = {{Generating Optimal DAG-structured Query Evaluation Plans}},
  journal   = {Computer Science - R{\&}D},
  volume    = {24},
  number    = {3},
  year      = {2009},
}

@phdthesis{Neumann2005,
  author    = {Thomas Neumann},
  title     = {{Efficient Generation and Execution of DAG-Structured Query Graphs}},
  school    = {{Universitaet Mannheim}},
  year      = {2005},
}



@inproceedings{RongPXAS16,
  author    = {Hongbo Rong and
               Jongsoo Park and
               Lingxiang Xiang and
               Todd A. Anderson and
               Mikhail Smelyanskiy},
  title     = {{Sparso: Context-driven Optimizations of Sparse Linear Algebra}},
  booktitle = {{PACT}},
  year      = {2016},
}


@article{EssertelTDBOR17,
  author    = {Gr{\'{e}}gory M. Essertel and
               Ruby Y. Tahboub and
               James M. Decker and
               Kevin J. Brown and
               Kunle Olukotun and
               Tiark Rompf},
  title     = {{Flare: Native Compilation for Heterogeneous Workloads in Apache Spark}},
  journal   = {{CoRR}},
  year      = {2017},
}

@inproceedings{BrownLRSSAO16,
  author    = {Kevin J. Brown and
               HyoukJoong Lee and
               Tiark Rompf and
               Arvind K. Sujeeth and
               Christopher De Sa and
               Christopher R. Aberger and
               Kunle Olukotun},
  title     = {{Have Abstraction and Eat Performance, Too: Optimized Heterogeneous
               Computing with Parallel Patterns}},
  booktitle = {{CGO}},
  year      = {2016},
}


@inproceedings{RompfSABJLJOO13,
  author    = {Tiark Rompf and
               Arvind K. Sujeeth and
               Nada Amin and
               Kevin J. Brown and
               Vojin Jovanovic and
               HyoukJoong Lee and
               Manohar Jonnalagedda and
               Kunle Olukotun and
               Martin Odersky},
  title     = {{Optimizing Data Structures in High-Level Programs: New Directions
               for Extensible Compilers based on Staging}},
  booktitle = {{POPL}},
  year      = {2013},
}


@inproceedings{MehtaLY14,
  author    = {Sanyam Mehta and
               Pei{-}Hung Lin and
               Pen{-}Chung Yew},
  title     = {{Revisiting Loop Fusion in the Polyhedral Framework}},
  booktitle = {{PPoPP}},
  year      = {2014},
}

@article{Kennedy01,
  author    = {Ken Kennedy},
  title     = {{Fast Greedy Weighted Fusion}},
  journal   = {International Journal of Parallel Programming},
  volume    = {29},
  number    = {5},
  year      = {2001},
}



@book{AllenK2001,
  author    = {Randy Allen and
               Ken Kennedy},
  title     = {{Optimizing Compilers for Modern Architectures: A Dependence-based
               Approach}},
  publisher = {Morgan Kaufmann},
  year      = {2001},
}


@inproceedings{PouchetBBCRSV11,
  author    = {Louis{-}No{\"{e}}l Pouchet and
               Uday Bondhugula and
               C{\'{e}}dric Bastoul and
               Albert Cohen and
               J. Ramanujam and
               P. Sadayappan and
               Nicolas Vasilache},
  title     = {{Loop Transformations: Convexity, Pruning and Optimization}},
  booktitle = {{POPL}},
  year      = {2011},
}



@inproceedings{LimL97,
  author    = {Amy W. Lim and
               Monica S. Lam},
  title     = {{Maximizing Parallelism and Minimizing Synchronization with Affine
               Transforms}},
  booktitle = {POPL},
  year      = {1997},
}

@article{Darte00,
  author    = {Alain Darte},
  title     = {{On the complexity of loop fusion}},
  journal   = {Parallel Computing},
  volume    = {26},
  number    = {9},
  year      = {2000},
}

@inproceedings{KennedyM93,
  author    = {Ken Kennedy and
               Kathryn S. McKinley},
  title     = {{Maximizing Loop Parallelism and Improving Data Locality via Loop Fusion
               and Distribution}},
  booktitle = {{LPPC}},
  year      = {1993},
}

@article{KarpathiotakisA16,
  author    = {Manos Karpathiotakis and
               Ioannis Alagiannis and
               Anastasia Ailamaki},
  title     = {{Fast Queries Over Heterogeneous Data Through Engine Customization}},
  journal   = {{PVLDB}},
  volume    = {9},
  number    = {12},
  year      = {2016},
}

@article{PirkMZM16,
  author    = {Holger Pirk and
               Oscar Moll and
               Matei Zaharia and
               Sam Madden},
  title     = {{Voodoo - A Vector Algebra for Portable Database Performance on Modern
               Hardware}},
  journal   = {{PVLDB}},
  volume    = {9},
  number    = {14},
  year      = {2016},
}

@inproceedings{Rosenfeld17,
  author    = {Viktor Rosenfeld and
               Rene Mueller and
               Pinar T{\"{o}}z{\"{u}}n and
               Fatma {\"{O}}zcan},
  title     = {{Processing Java UDFs in a C++ environment}},
  booktitle = {{SoCC}},
  year      = {2017},
}

                   
@article{Wanderman-MilneL14,
  author    = {Skye Wanderman{-}Milne and
               Nong Li},
  title     = {{Runtime Code Generation in Cloudera Impala}},
  journal   = {{IEEE} Data Eng. Bull.},
  volume    = {37},
  number    = {1},
  year      = {2014},
}


@article{FreedmanIL14,
  author    = {Craig Freedman and
               Erik Ismert and
               Per{-}{\AA}ke Larson},
  title     = {{Compilation in the Microsoft SQL Server Hekaton Engine}},
  journal   = {{IEEE} Data Eng. Bull.},
  volume    = {37},
  number    = {1},
  year      = {2014},
}

@article{0001L14,
  author    = {Thomas Neumann and
               Viktor Leis},
  title     = {{Compiling Database Queries into Machine Code}},
  journal   = {{IEEE} Data Eng. Bull.},
  volume    = {37},
  number    = {1},
  year      = {2014},
}

@inproceedings{LangMFB0K16,
  author    = {Harald Lang and
               Tobias M{\"{u}}hlbauer and
               Florian Funke and
               Peter A. Boncz and
               Thomas Neumann and
               Alfons Kemper},
  title     = {{Data Blocks: Hybrid OLTP and OLAP on Compressed Storage using
               both Vectorization and Compilation}},
  booktitle = {{SIGMOD}},
  year      = {2016},
}

@article{Neumann11,
  author    = {Thomas Neumann},
  title     = {{Efficiently Compiling Efficient Query Plans for Modern Hardware}},
  journal   = {{PVLDB}},
  volume    = {4},
  number    = {9},
  year      = {2011},
}

@inproceedings{PassingTHLSGK017,
  author    = {Linnea Passing and
               Manuel Then and
               Nina Hubig and
               Harald Lang and
               Michael Schreier and
               Stephan G{\"{u}}nnemann and
               Alfons Kemper and
               Thomas Neumann},
  title     = {{SQL- and Operator-centric Data Analytics in Relational Main-Memory
               Databases}},
  booktitle = {{EDBT}},
  year      = {2017},
}

@inproceedings{ShaikhhaKPBD016,
  author    = {Amir Shaikhha and
               Yannis Klonatos and
               Lionel Parreaux and
               Lewis Brown and
               Mohammad Dashti and
               Christoph Koch},
  title     = {{How to Architect a Query Compiler}},
  booktitle = {{SIGMOD}},
  year      = {2016},
}



@article{KlonatosKRC14,
  author    = {Yannis Klonatos and
               Christoph Koch and
               Tiark Rompf and
               Hassan Chafi},
  title     = {{Building Efficient Query Engines in a High-Level Language}},
  journal   = {{PVLDB}},
  volume    = {7},
  number    = {10},
  year      = {2014},
}



@inproceedings{KennedyAK11,
  author    = {Oliver Kennedy and
               Yanif Ahmad and
               Christoph Koch},
  title     = {{DBToaster: Agile Views for a Dynamic Data Management System}},
  booktitle = {{CIDR}},
  year      = {2011},
}


@inproceedings{KrikellasVC10,
  author    = {Konstantinos Krikellas and
               Stratis Viglas and
               Marcelo Cintra},
  title     = {{Generating Code for Holistic Query Evaluation}},
  booktitle = {{ICDE}},
  year      = {2010},
}


@inproceedings{RaoPML06,
  author    = {Jun Rao and
               Hamid Pirahesh and
               C. Mohan and
               Guy M. Lohman},
  title     = {{Compiled Query Execution Engine using JVM}},
  booktitle = {{ICDE}},
  year      = {2006},
}

@article{ChamberlinABGKLLMPPSSSTWY81,
  author    = {Donald D. Chamberlin and others},
  title     = {{A History and Evaluation of System R}},
  journal   = {Commun. {ACM}},
  volume    = {24},
  number    = {10},
  year      = {1981},
}

@article{ChamberlinAKLMPSSSWY81,
  author    = {Donald D. Chamberlin and others},
  title     = {{Support for Repetitive Transactions and Ad Hoc Queries in System R}},
  journal   = {{ACM} Trans. Database Syst.},
  volume    = {6},
  number    = {1},
  year      = {1981},
}

@inproceedings{PavloAALLMMMPQS17,
  author    = {Andrew Pavlo and others},
  title     = {{Self-Driving Database Management Systems}},
  booktitle = {{CIDR}},
  year      = {2017},
}


@inproceedings{ArmbrustXLHLBMK15,
  author    = {Michael Armbrust and
               Reynold S. Xin and
               Cheng Lian and
               Yin Huai and
               Davies Liu and
               Joseph K. Bradley and
               Xiangrui Meng and
               Tomer Kaftan and
               Michael J. Franklin and
               Ali Ghodsi and
               Matei Zaharia},
  title     = {{SQL: Relational Data Processing in Spark}},
  booktitle = {{SIGMOD}},
  year      = {2015},
}


@inproceedings{SirinTPA16,
  author    = {Utku Sirin and
               Pinar T{\"{o}}z{\"{u}}n and
               Danica Porobic and
               Anastasia Ailamaki},
  title     = {{Micro-architectural Analysis of In-memory OLTP}},
  booktitle = {{SIGMOD}},
  year      = {2016},
}

@misc{nervana,
    author = {Jason Knight},
    title = {{Intel Nervana Graph Beta}},
    note = {intelnervana.com/ intel-nervana-graph-and-neon-3-0-updates/}
}

@misc{memsql,
    author = {Nikita Shamgunov},
    title = {{MemSQL 5 Ships with LLVM-based Code Generation for SQL Queries}},
    note = {\texttt{blog.memsql.com/memsql-5-ships/}}
}

@misc{infimnist,
    author = {L\'{e}on Bottou},
    title = {{The infinite MNIST dataset}},
    note = {\texttt{leon. bottou.org/projects/infimnist}}
}

@misc{airline,
    author = {{American Statistical Association (ASA)}},
    title = {{Airline on-time performance dataset}},
    note = {\texttt{stat-computing.org/ dataexpo/2009/the-data.html}}
}

@article{ElgoharyBHRR16,
  author    = {Ahmed Elgohary and
               Matthias Boehm and
               Peter J. Haas and
               Frederick R. Reiss and
               Berthold Reinwald},
  title     = {{Compressed Linear Algebra for Large-Scale Machine Learning}},
  journal   = {{PVLDB}},
  volume    = {9},
  number    = {12},
  year      = {2016},
}

@misc{juliagen,
	Author = {Steven G. Johnson},
  Title = {{More Dots: Syntactic Loop Fusion in Julia}},
	Note = {\texttt{julialang.org/blog/2017/01/moredots}}
}

@inproceedings{AbadiBCCDDDGIIK16,
  author    = {Mart{\'{\i}}n Abadi and others},
  title     = {{TensorFlow: A System for Large-Scale Machine Learning}},
  booktitle = {{OSDI}},
  year      = {2016},
}

@article{BezansonEKS17,
  author    = {Jeff Bezanson and
               Alan Edelman and
               Stefan Karpinski and
               Viral B. Shah},
  title     = {{Julia: A Fresh Approach to Numerical Computing}},
  journal   = {{SIAM Review}},
  volume    = {59},
  number    = {1},
  year      = {2017},
}

@article{KochO08,
  author    = {Christoph Koch and
               Dan Olteanu},
  title     = {{Conditioning Probabilistic Databases}},
  journal   = {{PVLDB}},
  volume    = {1},
  number    = {1},
  year      = {2008},
}

@inproceedings{MoerkotteN08,
  author    = {Guido Moerkotte and
               Thomas Neumann},
  title     = {{Dynamic Programming Strikes Back}},
  booktitle = {{SIGMOD}},
  year      = {2008},
}


@inproceedings{MoerkotteN06,
  author    = {Guido Moerkotte and
               Thomas Neumann},
  title     = {{Analysis of Two Existing and One New Dynamic Programming Algorithm
               for the Generation of Optimal Bushy Join Trees without Cross Products}},
  booktitle = {VLDB},
  year      = {2006},
}


@inproceedings{AlexandrovKKSTK15,
  author    = {Alexander Alexandrov and
               Andreas Kunft and
               Asterios Katsifodimos and
               Felix Sch{\"{u}}ler and
               Lauritz Thamsen and
               Odej Kao and
               Tobias Herb and
               Volker Markl},
  title     = {{Implicit Parallelism through Deep Language Embedding}},
  booktitle = {{SIGMOD}},
  year      = {2015},
}



@inproceedings{BrunoN08,
  author    = {Nicolas Bruno and
               Rimma V. Nehme},
  title     = {{Configuration-Parametric Query Optimization for Physical Design Tuning}},
  booktitle = {{SIGMOD}},
  year      = {2008},
}

@inproceedings{ShapiroMBBFHWZWV01,
  author    = {Leonard D. Shapiro and
               David Maier and
               Paul Benninghoff and
               Keith Billings and
               Yubo Fan and
               Kavita Hatwal and
               Quan Wang and
               Yu Zhang and
               Hsiao{-}min Wu and
               Bennet Vance},
  title     = {{Exploiting Upper and Lower Bounds In Top-Down Query Optimization}},
  booktitle = {{IDEAS}},
  year      = {2001},
}



@article{Graefe95a,
  author    = {Goetz Graefe},
  title     = {{The Cascades Framework for Query Optimization}},
  journal   = {{IEEE} Data Eng. Bull.},
  volume    = {18},
  number    = {3},
  year      = {1995},
}



@misc{janino,
	Author = {Arno Unkrig},
  Title = {{Janino: A super-small, super-fast Java compiler}},
	Note = {\texttt{janino-compiler.github.io/janino/}}
}

@techreport{kjolstad17,
 author={Fredrik Kjolstad, Shoaib Kamil Stephen Chou, David Lugato and Saman Amarasinghe},
 title={{The Tensor Algebra Compiler}},
 institution={MIT},
 year={2017},
}

@article{BoehmBERRSTT14,
  author    = {Matthias Boehm and
               Douglas R. Burdick and
               Alexandre V. Evfimievski and
               Berthold Reinwald and
               Frederick R. Reiss and
               Prithviraj Sen and
               Shirish Tatikonda and
               Yuanyuan Tian},
  title     = {{SystemML's Optimizer: Plan Generation for Large-Scale Machine Learning
               Programs}},
  journal   = {{IEEE} Data Eng. Bull.},
  volume    = {37},
  number    = {3},
  year      = {2014},
}

@inproceedings{LuoGGPJ17,
  author    = {Shangyu Luo and
               Zekai J. Gao and
               Michael N. Gubanov and
               Luis Leopoldo Perez and
               Christopher M. Jermaine},
  title     = {{Scalable Linear Algebra on a Relational Database System}},
  booktitle = {{ICDE}},
  year      = {2017},
}


@article{MahoutSamsara,
  author    = {Sebastian Schelter and Andrew Palumbo and Shannon Quinn and Suneel Marthi and Andrew Musselman},
  title     = {{Samsara: Declarative Machine Learning on Distributed Dataflow Systems}},
  journal   = {{NIPS Workshop MLSystems}},
  year      = {2016},
}

@inproceedings{RohrmannSRG17,
  author    = {Till Rohrmann and
               Sebastian Schelter and
               Tilmann Rabl and
               Volker Markl},
  title     = {{Gilbert: Declarative Sparse Linear Algebra on Massively Parallel Dataflow
               Systems}},
  booktitle = {{BTW}},
  year      = {2017},
}


@inproceedings{StonebrakerBPR11,
  author    = {Michael Stonebraker and
               Paul Brown and
               Alex Poliakov and
               Suchi Raman},
  title     = {{The Architecture of SciDB}},
  booktitle = {{SSDBM}},
  year      = {2011},
}


@inproceedings{YuSC15,
  author    = {Lele Yu and
               Yingxia Shao and
               Bin Cui},
  title     = {{Exploiting Matrix Dependency for Efficient Distributed Matrix Computation}},
  booktitle = {{SIGMOD}},
  year      = {2015},
}

@article{CohenDDHW09,
  author    = {Jeffrey Cohen and
               Brian Dolan and
               Mark Dunlap and
               Joseph M. Hellerstein and
               Caleb Welton},
  title     = {{MAD Skills: New Analysis Practices for Big Data}},
  journal   = {{PVLDB}},
  volume    = {2},
  number    = {2},
  year      = {2009},
}

@inproceedings{DeanG04,
  author    = {Jeffrey Dean and
               Sanjay Ghemawat},
  title     = {{MapReduce: Simplified Data Processing on Large Clusters}},
  booktitle = {{OSDI}},
  year      = {2004},
}

@inproceedings{ZahariaCDDMMFSS12,
  author    = {Matei Zaharia and
               Mosharaf Chowdhury and
               Tathagata Das and
               Ankur Dave and
               Justin Ma and
               Murphy McCauly and
               Michael J. Franklin and
               Scott Shenker and
               Ion Stoica},
  title     = {{Resilient Distributed Datasets: A Fault-Tolerant Abstraction for
               In-Memory Cluster Computing}},
  booktitle = {{NSDI}},
  year      = {2012},
}


@misc{xla,
	Author = {Google},
  Title = {{TensorFlow XLA (Accelerated Linear Algebra)}},
	Note = {\texttt{tensorflow.org/performance/xla/}}
}

@inproceedings{BelterJKS09,
  author    = {Geoffrey Belter and
               Elizabeth R. Jessup and
               Ian Karlin and
               Jeremy G. Siek},
  title     = {{Automating the Generation of Composed Linear Algebra Kernels}},
  booktitle = {{SC}},
  year      = {2009},
}

@inproceedings{HuangB013,
  author    = {Botong Huang and
               Shivnath Babu and
               Jun Yang},
  title     = {{Cumulon: Optimizing Statistical Data Analysis in the Cloud}},
  booktitle = {{SIGMOD}},
  year      = {2013},
}

@article{ZhangWCMZ16,
  author    = {Mingxing Zhang and
               Yongwei Wu and
               Kang Chen and
               Teng Ma and
               Weimin Zheng},
  title     = {{Measuring and Optimizing Distributed Array Programs}},
  journal   = {{PVLDB}},
  volume    = {9},
  number    = {12},
  year      = {2016},
}


@inproceedings{KhamisNR16,
  author    = {Mahmoud Abo Khamis and
               Hung Q. Ngo and
               Atri Rudra},
  title     = {{FAQ: Questions Asked Frequently}},
  booktitle = {{PODS}},
  year      = {2016},
  organization={ACM}
}

@inproceedings{Joglekar2016AJARAA,
  title={AJAR: Aggregations and Joins over Annotated Relations},
  author={Manas R. Joglekar and Rohan Puttagunta and Christopher R{\'e}},
  booktitle={PODS},
  year={2016},
  organization={ACM}
}

@inproceedings{PalkarTSSAZ17,
  author    = {Shoumik Palkar and
               James J. Thomas and
               Anil Shanbhag and
               Malte Schwarzkopt and
               Saman P. Amarasinghe and
               Matei Zaharia},
  title     = {{A Common Runtime for High Performance Data Analysis}},
  booktitle = {{CIDR}},
  year      = {2017},
}

@article{CrottyGDKBCZ15,
  author    = {Andrew Crotty and
               Alex Galakatos and
               Kayhan Dursun and
               Tim Kraska and
               Carsten Binnig and
               Ugur {\c{C}}etintemel and
               Stan Zdonik},
  title     = {{An Architecture for Compiling UDF-centric Workflows}},
  journal   = {{PVLDB}},
  volume    = {8},
  number    = {12},
  year      = {2015},
}

@inproceedings{SujeethLBRCWAOO11,
  author    = {Arvind K. Sujeeth and
               HyoukJoong Lee and
               Kevin J. Brown and
               Tiark Rompf and
               Hassan Chafi and
               Michael Wu and
               Anand R. Atreya and
               Martin Odersky and
               Kunle Olukotun},
  title     = {{OptiML: An Implicitly Parallel Domain-Specific Language for Machine
               Learning}},
  booktitle = {{ICML}},
  year      = {2011},
}

@inproceedings{HuangBTRTR15,
  author    = {Botong Huang and
               Matthias Boehm and
               Yuanyuan Tian and
               Berthold Reinwald and
               Shirish Tatikonda and
               Frederick R. Reiss},
  title     = {{Resource Elasticity for Large-Scale Machine Learning}},
  booktitle = {{SIGMOD}},
  year      = {2015},
}


@inproceedings{AshariTBRCKS15,
  author    = {Arash Ashari and
               Shirish Tatikonda and
               Matthias Boehm and
               Berthold Reinwald and
               Keith Campbell and
               John Keenleyside and
               P. Sadayappan},
  title     = {{On Optimizing Machine Learning Workloads via Kernel Fusion}},
  booktitle = {{PPoPP}},
  year      = {2015},
}

@article{BoehmDEEMPRRSST16,
  author    = {Matthias Boehm and
               Michael Dusenberry and
               Deron Eriksson and
               Alexandre V. Evfimievski and
               Faraz Makari Manshadi and
               Niketan Pansare and
               Berthold Reinwald and
               Frederick Reiss and
               Prithviraj Sen and
               Arvind Surve and
               Shirish Tatikonda},
  title     = {{SystemML: Declarative Machine Learning on Spark}},
  journal   = {{PVLDB}},
  volume    = {9},
  number    = {13},
  year      = {2016},
}

@inproceedings{ElgamalLBETRS17,
  author    = {Tarek Elgamal and
               Shangyu Luo and
               Matthias Boehm and
               Alexandre V. Evfimievski and
               Shirish Tatikonda and
               Berthold Reinwald and
               Prithviraj Sen},
  title     = {{SPOOF: Sum-Product Optimization and Operator Fusion for Large-Scale
               Machine Learning}},
  booktitle = {{CIDR}},
  year      = {2017},
}

@article{puschel2005spiral,
  title={SPIRAL: Code generation for DSP transforms},
  author={Puschel, Markus and Moura, Jos{\'e} MF and Johnson, Jeremy R and Padua, David and Veloso, Manuela M and Singer, Bryan W and Xiong, Jianxin and Franchetti, Franz and Gacic, Aca and Voronenko, Yevgen and others},
  journal={Proceedings of the IEEE},
  volume={93},
  number={2},
  pages={232--275},
  year={2005},
  publisher={IEEE}
}

@article{Berkholz2013TightLA,
  title={Tight Lower and Upper Bounds for the Complexity of Canonical Colour Refinement},
  author={Christoph Berkholz and Paul S. Bonsma and Martin Grohe},
  journal={Theory of Computing Systems},
  year={2013},
  volume={60},
  pages={581-614}
}

@inproceedings{Babai1983CanonicalLO,
  title={Canonical Labeling of Graphs},
  author={L{\'a}szl{\'o} Babai and Eugene M. Luks},
  booktitle={STOC},
  year={1983}
}

@article{DBLP:journals/corr/abs-1301-1493,
  author    = {Brendan D. McKay and
               Adolfo Piperno},
  title     = {Practical graph isomorphism, {II}},
  journal   = {CoRR},
  volume    = {abs/1301.1493},
  year      = {2013},
  url       = {http://arxiv.org/abs/1301.1493},
  archivePrefix = {arXiv},
  eprint    = {1301.1493},
  timestamp = {Wed, 07 Jun 2017 14:40:15 +0200},
  biburl    = {http://dblp.org/rec/bib/journals/corr/abs-1301-1493},
  bibsource = {dblp computer science bibliography, http://dblp.org}
}

@inproceedings{Codish2016BreakingSI,
  title={Breaking Symmetries in Graphs: The Nauty Way},
  author={Michael Codish and Graeme Gange and Avraham Itzhakov and Peter J. Stuckey},
  booktitle={CP},
  year={2016}
}

@inproceedings{carmeli2017efficiently,
  title={Efficiently Enumerating Minimal Triangulations},
  author={Carmeli, Nofar and Kenig, Batya and Kimelfeld, Benny},
  booktitle={Principles of Database Systems (PODS)},
  pages={273--287},
  year={2017},
  organization={ACM}
}

@article{kalinsky2016flexible,
  title={Flexible caching in trie joins},
  author={Kalinsky, Oren and Etsion, Yoav and Kimelfeld, Benny},
  journal={arXiv preprint arXiv:1602.08721},
  year={2016}
}

@inproceedings{hosangadi2004factoring,
  title={Factoring and eliminating common subexpressions in polynomial expressions},
  author={Hosangadi, Anup and Fallah, Farzan and Kastner, Ryan},
  booktitle={Proceedings of the 2004 IEEE/ACM International conference on Computer-aided design},
  pages={169--174},
  year={2004},
  organization={IEEE Computer Society}
}

@article{Ruijl2014WhyLS,
  title={Why Local Search Excels in Expression Simplification},
  author={Ben Ruijl and Aske Plaat and J. A. M. Vermaseren and H. Jaap van den Herik},
  journal={CoRR},
  year={2014},
  volume={abs/1409.5223}
}

@inproceedings{Leiserson2010EfficientEO,
  title={Efficient Evaluation of Large Polynomials},
  author={Charles E. Leiserson and Liyun Li and Marc Moreno Maza and Yuzhen Xie},
  booktitle={ICMS},
  year={2010}
}

@inproceedings{Leiserson2010ParallelCO,
  title={Parallel computation of the minimal elements of a poset},
  author={Charles E. Leiserson and Marc Moreno Maza and Liyun Li and Yuzhen Xie},
  booktitle={PASCO},
  year={2010}
}

@inproceedings{Peymandoust2002LowPE,
  title={Low Power Embedded Software Optimization Using Symbolic Algebra},
  author={Armita Peymandoust and Tajana Simunic and Giovanni De Micheli},
  booktitle={DATE},
  year={2002}
}

@inproceedings{Peymandoust2001UsingSA,
  title={Using Symbolic Algebra in Algorithmic Level DSP Synthesis},
  author={Armita Peymandoust and Giovanni De Micheli},
  booktitle={DAC},
  year={2001}
}

@article{Ghandali2015AutomaticHD,
  title={Automatic High-Level Data-Flow Synthesis and Optimization of Polynomial Datapaths Using Functional Decomposition},
  author={Samaneh Ghandali and Bijan Alizadeh and Masahiro Fujita and Zainalabedin Navabi},
  journal={IEEE Transactions on Computers},
  year={2015},
  volume={64},
  pages={1579-1593}
}

@inproceedings{Waas1999ProbabilisticBJ,
  title={Probabilistic Bottom-up Join Order Selection ---breaking the Curse of Np-completeness Probabilistic Bottom-up Join Order Selection | Breaking the Curse of Np-completeness},
  author={F. Michael Waas and J. Pellenkoft and Florian Waas and Arjan Pellenkoft},
  year={1999}
}


























@article{ShaikhhaKK18,
  author    = {Amir Shaikhha and others},
  title     = {{Building Efficient Query Engines in a High-Level Language}},
  journal   = {{ACM} Trans. Database Syst.},
  volume    = {43},
  number    = {1},
  year      = {2018},
}

@inproceedings{TVMChen18,
  author    = {Tianqi Chen and others},
  title     = {{TVM: End-to-End Compilation Stack for Deep Learning}},
  booktitle = {{SysML}},
  year      = {2018},
}

@article{TVMChen18b,
  author    = {Tianqi Chen and others},
  title     = {{TVM: End-to-End Optimization Stack for Deep Learning}},
  journal   = {CoRR},
  year      = {2018},
}

                                                      
@inproceedings{Funke18,
  author    = {Henning Funke and others},
  title     = {{Pipelined Query Processing in Coprocessor Environments}},
  booktitle = {{SIGMOD}},
  year      = {2018},
}

@inproceedings{IoannidisC91,
  author    = {Yannis E. Ioannidis and
               Stavros Christodoulakis},
  title     = {{On the Propagation of Errors in the Size of Join Results}},
  booktitle = {{SIGMOD}},
  year      = {1991},
}

@inproceedings{Neumann2018,
  author    = {Thomas Neumann and Bernhard Radke},
  title     = {{Adaptive Optimization of Very Large Join Queries}},
  booktitle = {{SIGMOD}},
  year      = {2018},
}

@inproceedings{SzegedyVISW16,
  author    = {Christian Szegedy and others},
  title     = {{Rethinking the Inception Architecture for Computer Vision}},
  booktitle = {{CVPR}},
  year      = {2016},
}

@inproceedings{Kim14,
  author    = {Yoon Kim},
  title     = {{Convolutional Neural Networks for Sentence Classification}},
  booktitle = {{EMNLP}},
  year      = {2014},
}

@article{BoehmTRSTBV14,
  author    = {Matthias Boehm and others},
  title     = {{Hybrid Parallelization Strategies for Large-Scale Machine Learning
               in SystemML}},
  journal   = {{PVLDB}},
  volume    = {7},
  number    = {7},
  year      = {2014},
}

@inproceedings{Vasilache2018,
  author    = {Nicolas Vasilache and others},
  title     = {{Tensor Comprehensions: Framework- Agnostic High-Performance Machine Learning Abstractions}},
  booktitle = {{CoRR}},
  year      = {2018}
}

@inproceedings{SparksVKFR17,
  author    = {Evan R. Sparks and others},
  title     = {{KeystoneML: Optimizing Pipelines for Large-Scale Advanced Analytics}},
  booktitle = {{ICDE}},
  year      = {2017},
}

@inproceedings{Neumann09,
  author    = {Thomas Neumann},
  title     = {{Query Simplification: Graceful Degradation for Join-Order Optimization}},
  booktitle = {{SIGMOD}},
  year      = {2009},
}

@misc{matlabcodegen,
	Author = {MathWorks},
  Title = {{GPU Coder: Generate CUDA code for NVIDIA GPUs}},
	Note = {\texttt{mathworks.com/products/gpu-coder}}
}


@inproceedings{Boehm2018,
  author    = {Matthias Boehm and others},
  title     = {{On Optimizing Operator Fusion Plans for Large-Scale Machine Learning in SystemML}},
  booktitle = {{CoRR}},
  year      = {2018},
  note      = {abs/1801.00829}
}


@article{KjolstadKCLA17,
  author    = {Fredrik Kjolstad and others},
  title     = {{The Tensor Algebra Compiler}},
  journal   = {{PACMPL}},
  volume    = {1},
  number    = {{OOPSLA}},
  year      = {2017},
}

@inproceedings{CrottyGDKCZ15,
  author    = {Andrew Crotty and others},
  title     = {{Tupleware: "Big" Data, Big Analytics, Small Clusters}},
  booktitle = {{CIDR}},
  year      = {2015},
}


@inproceedings{FerdmanAKVAJKPAF12,
  author    = {Michael Ferdman and others},
  title     = {{Clearing the Clouds: A Study of Emerging Scale-out Workloads on Modern
               Hardware}},
  booktitle = {{ASPLOS}},
  year      = {2012},
}


@inproceedings{KellerCLJL10,
  author    = {Gabriele Keller and others},
  title     = {{Regular, Shape-polymorphic, Parallel Arrays in Haskell}},
  booktitle = {{ICFP}},
  year      = {2010},
}


@book{Cole91,
  author    = {Murray Cole},
  title     = {{Algorithmic Skeletons: Structured Management of
               Parallel Computation}},
  publisher = {MIT Press},
  year      = {1991},
}

@article{LimHB12,
  author    = {Harold Lim and others},
  title     = {{Stubby: A Transformation-based Optimizer for MapReduce Workflows}},
  journal   = {{PVLDB}},
  volume    = {5},
  number    = {11},
  year      = {2012},
}

@misc{stream,
    author = {John D. McCalpin},
    title = {{STREAM: Sustainable Memory Bandwidth in High Performance Computers}},
    note = {\texttt{cs.virginia.edu/stream}}
}


@article{DeshpandeIR07,
  author    = {Amol Deshpande and others},
  title     = {{Adaptive Query Processing}},
  journal   = {{Foundations and Trends in Databases}},
  volume    = {1},
  number    = {1},
  year      = {2007},
}

@article{CandeaPV09,
  author    = {George Candea and others},
  title     = {{A Scalable, Predictable Join Operator for Highly Concurrent Data Warehouses}},
  journal   = {{PVLDB}},
  volume    = {2},
  number    = {1},
  year      = {2009},
}

@inproceedings{ArumugamDJPP10,
  author    = {Subi Arumugam and others},
  title     = {{The DataPath System: A Data-Centric Analytic Processing Engine for Large Data Warehouses}},
  booktitle = {{SIGMOD}},
  year      = {2010},
}


@article{GiannikisMAK14,
  author    = {Georgios Giannikis and others},
  title     = {{Shared Workload Optimization}},
  journal   = {{PVLDB}},
  volume    = {7},
  number    = {6},
  year      = {2014},
}

@misc{netflix,
    author = {Kaggle},
    title = {{Netflix Prize Data}},
    note = {\texttt{kaggle.com/netflix-inc/ netflix-prize-data}}
}

@misc{amazon,
    author = {Julian McAuley},
    title = {{Amazon Product Data - Books}},
    note = {\texttt{jmcauley.ucsd.edu/data/amazon}}
}

@inproceedings{HeM16,
  author    = {Ruining He and
               Julian McAuley},
  title     = {{Ups and Downs: Modeling the Visual Evolution of Fashion Trends with
               One-Class Collaborative Filtering}},
  booktitle = {{WWW}},
  year      = {2016},
}

@misc{tensorrt,
    author = {NVIDIA},
    title = {{TensorRT - Programmable Inference Accelerator}},
    note = {\texttt{developer.nvidia.com/tensorrt}}
}

@article{abs-1709-06416,
  author    = {Shoumik Palkar and others},
  title     = {{Weld: Rethinking the Interface Between Data-Intensive Applications}},
  journal   = {CoRR},
  year      = {2017},
}

@article{Menon17,
  author    = {Prashanth Menon and others},
  title     = {{Relaxed Operator Fusion for In-Memory Databases: Making Compilation, Vectorization, and Prefetching Work Together At Last}},
  journal   = {{PVLDB}},
  volume    = {11},
  number    = {1},
  year      = {2017},
}



@inproceedings{Kathuria017,
  author    = {Tarun Kathuria and
               S. Sudarshan},
  title     = {{Efficient and Provable Multi-Query Optimization}},
  booktitle = {{PODS}},
  year      = {2017},
}



@inproceedings{SilvaLZ12,
  author    = {Yasin N. Silva and others},
  title     = {{Exploiting Common Subexpressions for Cloud Query Processing}},
  booktitle = {{ICDE}},
  year      = {2012},
}

@inproceedings{SteinbrunnPMK95,
  author    = {Michael Steinbrunn and others},
  title     = {{Bypassing Joins in Disjunctive Queries}},
  booktitle = {{VLDB}},
  year      = {1995},
}

@inproceedings{IvesT08,
  author    = {Zachary G. Ives and
               Nicholas E. Taylor},
  title     = {{Sideways Information Passing for Push-Style Query Processing}},
  booktitle = {{ICDE}},
  year      = {2008},
}

@inproceedings{BancilhonMSU86,
  author    = {Fran{\c{c}}ois Bancilhon and others},
  title     = {{Magic Sets and Other Strange Ways to Implement Logic Programs}},
  booktitle = {PODS},
  year      = {1986},
}

@article{BernsteinC81,
  author    = {Philip A. Bernstein and
               Dah{-}Ming W. Chiu},
  title     = {{Using Semi-Joins to Solve Relational Queries}},
  journal   = {J. {ACM}},
  volume    = {28},
  number    = {1},
  year      = {1981},
}

@inproceedings{ZhouLFL07,
  author    = {Jingren Zhou and others},
  title     = {{Efficient Exploitation of Similar Subexpressions for Query Processing}},
  booktitle = {{SIGMOD}},
  year      = {2007},
}

@inproceedings{NeumannW09,
  author    = {Thomas Neumann and
               Gerhard Weikum},
  title     = {{Scalable Join Processing on Very Large RDF Graphs}},
  booktitle = {{SIGMOD}},
  year      = {2009},
}

@article{NeumannM09,
  author    = {Thomas Neumann and
               Guido Moerkotte},
  title     = {{Generating Optimal DAG-structured Query Evaluation Plans}},
  journal   = {Computer Science - R{\&}D},
  volume    = {24},
  number    = {3},
  year      = {2009},
}

@phdthesis{Neumann2005,
  author    = {Thomas Neumann},
  title     = {{Efficient Generation and Execution of DAG-Structured Query Graphs}},
  school    = {{Universitaet Mannheim}},
  year      = {2005},
}



@inproceedings{RongPXAS16,
  author    = {Hongbo Rong and others},
  title     = {{Sparso: Context-driven Optimizations of Sparse Linear Algebra}},
  booktitle = {{PACT}},
  year      = {2016},
}


@article{EssertelTDBOR17,
  author    = {Gr{\'{e}}gory M. Essertel and others},
  title     = {{Flare: Native Compilation for Heterogeneous Workloads in Apache Spark}},
  journal   = {{CoRR}},
  year      = {2017},
}

@inproceedings{BrownLRSSAO16,
  author    = {Kevin J. Brown and others},
  title     = {{Have Abstraction and Eat Performance, Too: Optimized Heterogeneous
               Computing with Parallel Patterns}},
  booktitle = {{CGO}},
  year      = {2016},
}


@inproceedings{RompfSABJLJOO13,
  author    = {Tiark Rompf and others},
  title     = {{Optimizing Data Structures in High-Level Programs: New Directions
               for Extensible Compilers based on Staging}},
  booktitle = {{POPL}},
  year      = {2013},
}


@inproceedings{MehtaLY14,
  author    = {Sanyam Mehta and others},
  title     = {{Revisiting Loop Fusion in the Polyhedral Framework}},
  booktitle = {{PPoPP}},
  year      = {2014},
}

@article{Kennedy01,
  author    = {Ken Kennedy},
  title     = {{Fast Greedy Weighted Fusion}},
  journal   = {International Journal of Parallel Programming},
  volume    = {29},
  number    = {5},
  year      = {2001},
}



@book{AllenK2001,
  author    = {Randy Allen and
               Ken Kennedy},
  title     = {{Optimizing Compilers for Modern Architectures: A Dependence-based
               Approach}},
  publisher = {Morgan Kaufmann},
  year      = {2001},
}


@inproceedings{PouchetBBCRSV11,
  author    = {Louis{-}No{\"{e}}l Pouchet and others},
  title     = {{Loop Transformations: Convexity, Pruning and Optimization}},
  booktitle = {{POPL}},
  year      = {2011},
}



@inproceedings{LimL97,
  author    = {Amy W. Lim and
               Monica S. Lam},
  title     = {{Maximizing Parallelism and Minimizing Synchronization with Affine
               Transforms}},
  booktitle = {POPL},
  year      = {1997},
}

@article{Darte00,
  author    = {Alain Darte},
  title     = {{On the complexity of loop fusion}},
  journal   = {Parallel Computing},
  volume    = {26},
  number    = {9},
  year      = {2000},
}

@inproceedings{KennedyM93,
  author    = {Ken Kennedy and
               Kathryn S. McKinley},
  title     = {{Maximizing Loop Parallelism and Improving Data Locality via Loop Fusion
               and Distribution}},
  booktitle = {{LPPC}},
  year      = {1993},
}

@article{KarpathiotakisA16,
  author    = {Manos Karpathiotakis and others},
  title     = {{Fast Queries Over Heterogeneous Data Through Engine Customization}},
  journal   = {{PVLDB}},
  volume    = {9},
  number    = {12},
  year      = {2016},
}

@article{PirkMZM16,
  author    = {Holger Pirk and others},
  title     = {{Voodoo - A Vector Algebra for Portable Database Performance on Modern
               Hardware}},
  journal   = {{PVLDB}},
  volume    = {9},
  number    = {14},
  year      = {2016},
}

@inproceedings{Rosenfeld17,
  author    = {Viktor Rosenfeld and others},
  title     = {{Processing Java UDFs in a C++ environment}},
  booktitle = {{SoCC}},
  year      = {2017},
}

                   
@article{Wanderman-MilneL14,
  author    = {Skye Wanderman{-}Milne and
               Nong Li},
  title     = {{Runtime Code Generation in Cloudera Impala}},
  journal   = {{IEEE} Data Eng. Bull.},
  volume    = {37},
  number    = {1},
  year      = {2014},
}


@article{FreedmanIL14,
  author    = {Craig Freedman and others},
  title     = {{Compilation in the Microsoft SQL Server Hekaton Engine}},
  journal   = {{IEEE} Data Eng. Bull.},
  volume    = {37},
  number    = {1},
  year      = {2014},
}

@article{0001L14,
  author    = {Thomas Neumann and
               Viktor Leis},
  title     = {{Compiling Database Queries into Machine Code}},
  journal   = {{IEEE} Data Eng. Bull.},
  volume    = {37},
  number    = {1},
  year      = {2014},
}

@inproceedings{LangMFB0K16,
  author    = {Harald Lang and others},
  title     = {{Data Blocks: Hybrid OLTP and OLAP on Compressed Storage using
               both Vectorization and Compilation}},
  booktitle = {{SIGMOD}},
  year      = {2016},
}

@article{Neumann11,
  author    = {Thomas Neumann},
  title     = {{Efficiently Compiling Efficient Query Plans for Modern Hardware}},
  journal   = {{PVLDB}},
  volume    = {4},
  number    = {9},
  year      = {2011},
}

@inproceedings{PassingTHLSGK017,
  author    = {Linnea Passing and others},
  title     = {{SQL- and Operator-centric Data Analytics in Relational Main-Memory
               Databases}},
  booktitle = {{EDBT}},
  year      = {2017},
}

@inproceedings{ShaikhhaKPBD016,
  author    = {Amir Shaikhha and others},
  title     = {{How to Architect a Query Compiler}},
  booktitle = {{SIGMOD}},
  year      = {2016},
}



@article{KlonatosKRC14,
  author    = {Yannis Klonatos and others},
  title     = {{Building Efficient Query Engines in a High-Level Language}},
  journal   = {{PVLDB}},
  volume    = {7},
  number    = {10},
  year      = {2014},
}



@inproceedings{KennedyAK11,
  author    = {Oliver Kennedy and others},
  title     = {{DBToaster: Agile Views for a Dynamic Data Management System}},
  booktitle = {{CIDR}},
  year      = {2011},
}


@inproceedings{KrikellasVC10,
  author    = {Konstantinos Krikellas and others},
  title     = {{Generating Code for Holistic Query Evaluation}},
  booktitle = {{ICDE}},
  year      = {2010},
}


@inproceedings{RaoPML06,
  author    = {Jun Rao and others},
  title     = {{Compiled Query Execution Engine using JVM}},
  booktitle = {{ICDE}},
  year      = {2006},
}

@article{ChamberlinABGKLLMPPSSSTWY81,
  author    = {Donald D. Chamberlin and others},
  title     = {{A History and Evaluation of System R}},
  journal   = {Commun. {ACM}},
  volume    = {24},
  number    = {10},
  year      = {1981},
}

@article{ChamberlinAKLMPSSSWY81,
  author    = {Donald D. Chamberlin and others},
  title     = {{Support for Repetitive Transactions and Ad Hoc Queries in System R}},
  journal   = {{ACM} Trans. Database Syst.},
  volume    = {6},
  number    = {1},
  year      = {1981},
}

@inproceedings{PavloAALLMMMPQS17,
  author    = {Andrew Pavlo and others},
  title     = {{Self-Driving Database Management Systems}},
  booktitle = {{CIDR}},
  year      = {2017},
}


@inproceedings{ArmbrustXLHLBMK15,
  author    = {Michael Armbrust and others},
  title     = {{SQL: Relational Data Processing in Spark}},
  booktitle = {{SIGMOD}},
  year      = {2015},
}


@inproceedings{SirinTPA16,
  author    = {Utku Sirin and others},
  title     = {{Micro-architectural Analysis of In-memory OLTP}},
  booktitle = {{SIGMOD}},
  year      = {2016},
}

@misc{nervana,
    author = {Jason Knight},
    title = {{Intel Nervana Graph Beta}},
    note = {\texttt{intelnervana.com/ intel-nervana-graph-and-neon-3-0-updates}}
}

@misc{memsql,
    author = {Nikita Shamgunov},
    title = {{MemSQL 5 Ships with LLVM-based Code Generation for SQL Queries}},
    note = {\texttt{blog.memsql.com/ memsql-5-ships}}
}

@misc{infimnist,
    author = {L\'{e}on Bottou},
    title = {{The infinite MNIST dataset}},
    note = {\texttt{leon.bottou.org/ projects/infimnist}}
}

@misc{airline,
    author = {{American Statistical Association (ASA)}},
    title = {{Airline on-time performance dataset}},
    note = {\texttt{stat-computing.org/dataexpo/ 2009/the-data.html}}
}

@article{ElgoharyBHRR16,
  author    = {Ahmed Elgohary and others},
  title     = {{Compressed Linear Algebra for Large-Scale Machine Learning}},
  journal   = {{PVLDB}},
  volume    = {9},
  number    = {12},
  year      = {2016},
}

@misc{juliagen,
	Author = {Steven G. Johnson},
  Title = {{More Dots: Syntactic Loop Fusion in Julia}},
	Note = {\texttt{julialang.org/blog/2017/01/moredots}}
}

@inproceedings{AbadiBCCDDDGIIK16,
  author    = {Mart{\'{\i}}n Abadi and others},
  title     = {{TensorFlow: A System for Large-Scale Machine Learning}},
  booktitle = {{OSDI}},
  year      = {2016},
}

@article{KochO08,
  author    = {Christoph Koch and
               Dan Olteanu},
  title     = {{Conditioning Probabilistic Databases}},
  journal   = {{PVLDB}},
  volume    = {1},
  number    = {1},
  year      = {2008},
}

@inproceedings{MoerkotteN08,
  author    = {Guido Moerkotte and
               Thomas Neumann},
  title     = {{Dynamic Programming Strikes Back}},
  booktitle = {{SIGMOD}},
  year      = {2008},
}


@inproceedings{MoerkotteN06,
  author    = {Guido Moerkotte and
               Thomas Neumann},
  title     = {{Analysis of Two Existing and One New Dynamic Programming Algorithm
               for the Generation of Optimal Bushy Join Trees without Cross Products}},
  booktitle = {VLDB},
  year      = {2006},
}



@inproceedings{BrunoN08,
  author    = {Nicolas Bruno and
               Rimma V. Nehme},
  title     = {{Configuration-Parametric Query Optimization for Physical Design Tuning}},
  booktitle = {{SIGMOD}},
  year      = {2008},
}


@article{Graefe95a,
  author    = {Goetz Graefe},
  title     = {{The Cascades Framework for Query Optimization}},
  journal   = {{IEEE} Data Eng. Bull.},
  volume    = {18},
  number    = {3},
  year      = {1995},
}



@misc{janino,
	Author = {Arno Unkrig},
  Title = {{Janino: A super-small, super-fast Java compiler}},
	Note = {\texttt{janino-compiler.github.io/janino/}}
}


@inproceedings{DeanG04,
  author    = {Jeffrey Dean and
               Sanjay Ghemawat},
  title     = {{MapReduce: Simplified Data Processing on Large Clusters}},
  booktitle = {{OSDI}},
  year      = {2004},
}



@misc{xla,
	Author = {Google},
  Title = {{TensorFlow XLA (Accelerated Linear Algebra)}},
	Note = {\texttt{tensorflow.org/performance/xla}}
}

@inproceedings{BelterJKS09,
  author    = {Geoffrey Belter and others},
  title     = {{Automating the Generation of Composed Linear Algebra Kernels}},
  booktitle = {{SC}},
  year      = {2009},
}

@article{ZhangWCMZ16,
  author    = {Mingxing Zhang and others},
  title     = {{Measuring and Optimizing Distributed Array Programs}},
  journal   = {{PVLDB}},
  volume    = {9},
  number    = {12},
  year      = {2016},
}



@inproceedings{PalkarTSSAZ17,
  author    = {Shoumik Palkar and others},
  title     = {{A Common Runtime for High Performance Data Analysis}},
  booktitle = {{CIDR}},
  year      = {2017},
}

@article{CrottyGDKBCZ15,
  author    = {Andrew Crotty and others},
  title     = {{An Architecture for Compiling UDF-centric Workflows}},
  journal   = {{PVLDB}},
  volume    = {8},
  number    = {12},
  year      = {2015},
}

@inproceedings{SujeethLBRCWAOO11,
  author    = {Arvind K. Sujeeth and others},
  title     = {{OptiML: An Implicitly Parallel Domain-Specific Language for Machine
               Learning}},
  booktitle = {{ICML}},
  year      = {2011},
}

@inproceedings{HuangBTRTR15,
  author    = {Botong Huang and others},
  title     = {{Resource Elasticity for Large-Scale Machine Learning}},
  booktitle = {{SIGMOD}},
  year      = {2015},
}


@inproceedings{AshariTBRCKS15,
  author    = {Arash Ashari and others},
  title     = {{On Optimizing Machine Learning Workloads via Kernel Fusion}},
  booktitle = {{PPoPP}},
  year      = {2015},
}

@inproceedings{ElgamalLBETRS17,
  author    = {Tarek Elgamal and others},
  title     = {{SPOOF: Sum-Product Optimization and Operator Fusion for Large-Scale
               Machine Learning}},
  booktitle = {{CIDR}},
  year      = {2017},
}

@inproceedings{moerkotte2006analysis,
  title={Analysis of two existing and one new dynamic programming algorithm for the generation of optimal bushy join trees without cross products},
  author={Moerkotte, Guido and Neumann, Thomas},
  booktitle={Proceedings of the 32nd international conference on Very large data bases},
  pages={930--941},
  year={2006},
  organization={VLDB Endowment}
}



